@article{Khachatryan:2015ira,
      author         = "Khachatryan, Vardan and others",
      title          = "{Comparison of the Z/gamma* + jets to gamma + jets cross
                        sections in pp collisions at sqrt(s) = 8 TeV}",
      collaboration  = "CMS",
      journal        = "JHEP",
      volume         = "10",
      year           = "2015",
      pages          = "128",
      doi            = "10.1007/JHEP10(2015)128",
      eprint         = "1505.06520",
      archivePrefix  = "arXiv",
      primaryClass   = "hep-ex",
      reportNumber   = "CMS-SMP-14-005, CERN-PH-EP-2015-089",
      SLACcitation   = "%%CITATION = ARXIV:1505.06520;%%"
}
@article{StirlingPaperZGamma,
        author= "Ask, S. and Parker, M. A. and Sandoval, T. and Shea, M. E. and Stirling, W. J.",
	Journal = {J. High Energy Phys.},
	volume = {10},
	Pages = {058},
	Title = "Using $\gamma+\textrm{jets}$ production to calibrate the standard model $\cPZ(\nu\bar{\nu})+\textrm{jets}$ background to new physics processes at the {LHC}",
	year = {2011},
        doi = {10.1007/JHEP10(2011)058},
     eprint         = "1107.2803",
      archivePrefix  = "arXiv",
      primaryClass   = "hep-ph",
}
@ARTICLE{BlackHat,
   AUTHOR        = "Bern, Z. and Diana, G. and Dixon, L. J. and Febres Cordero, F. and H{\"o}che, S. and Ita, H. and Kosower, D. A. and Ma{\^i}tre, D. and Ozeren, K. J.",
   TITLE         = "Missing energy and jets for supersymmetry searches",
   JOURNAL       = "Phys. Rev. D",
   VOLUME        = "87",
   YEAR          = "2013",
   PAGES         = "034026",
   DOI           = "10.1103/PhysRevD.87.034026",
    eprint         = "1206.6064",
     archivePrefix  = "arXiv",
     primaryClass   = "hep-ph"
}

@article{Denner:2000jv,
      author         = "Denner, Ansgar and Pozzorini, Stefano",
      title          = "One loop leading logarithms in electroweak radiative corrections. 1. Results",
      journal        = "Eur. Phys. J.",
      volume         = "C18",
      year           = "2001",
      pages          = "461-480",
      doi            = "10.1007/s100520100551",
      eprint         = "hep-ph/0010201",
      archivePrefix  = "arXiv",
      primaryClass   = "hep-ph",
      reportNumber   = "PSI-PR-00-15, ZU-TH-17-00",
      SLACcitation   = "%%CITATION = HEP-PH/0010201;%%"
}
@article{Denner:2001gw,
      author         = "Denner, Ansgar and Pozzorini, Stefano",
      title          = "One loop leading logarithms in electroweak radiative corrections. 2. Factorization of collinear singularities",
      journal        = "Eur. Phys. J.",
      volume         = "C21",
      year           = "2001",
      pages          = "63-79",
      doi            = "10.1007/s100520100721",
      eprint         = "hep-ph/0104127",
      archivePrefix  = "arXiv",
      primaryClass   = "hep-ph",
      reportNumber   = "PSI-PR-01-06, ZU-TH-13-01",
      SLACcitation   = "%%CITATION = HEP-PH/0104127;%%"
}
@article{Ask:2011xf,
      author         = "Ask, S. and Parker, M. A. and Sandoval, T. and Shea, M.
                        E. and Stirling, W. J.",
      title          = "Using gamma+jets Production to Calibrate the Standard Model Z(nunu)+jets Background to New Physics Processes at the LHC",
      journal        = "JHEP",
      volume         = "10",
      year           = "2011",
      pages          = "058",
      doi            = "10.1007/JHEP10(2011)058",
      eprint         = "1107.2803",
      archivePrefix  = "arXiv",
      primaryClass   = "hep-ph",
      reportNumber   = "CAVENDISH-HEP-11-14, MCNET-11-16",
      SLACcitation   = "%%CITATION = ARXIV:1107.2803;%%"
}
@article{Denner:2014ina,
      author         = "Denner, Ansgar and Hofer, Lars and Scharf, Andreas and
                        Uccirati, Sandro",
      title          = "Electroweak corrections to lepton pair production in association with two hard jets at the LHC",
      journal        = "JHEP",
      volume         = "01",
      year           = "2015",
      pages          = "094",
      doi            = "10.1007/JHEP01(2015)094",
      eprint         = "1411.0916",
      archivePrefix  = "arXiv",
      primaryClass   = "hep-ph",
      SLACcitation   = "%%CITATION = ARXIV:1411.0916;%%"
}
@Article{MadGraph5,
     author    = "Alwall, J. and Herquet, M. and Maltoni, F. and Mattelaer, O. and Stelzer, T.",
     title     = "{MadGraph} 5: going beyond",
     journal   = "J. High Energy Phys.",
     volume    = "06",
     year      = "2011",
     pages     = "128",
     doi       = "10.1007/JHEP06(2011)128",
     eprint         = "1106.0522",
     archivePrefix  = "arXiv",
     primaryClass   = "hep-ph"
}
@Article{pythia6,
     author    = "Sj{\"o}strand, T. and Mrenna, S. and Skands, P.",
     title     = "{PYTHIA} 6.4 physics and manual",
     journal   = "J. High Energy Phys.",
     volume    = "05",
     year      = "2006",
     pages     = "026",
     doi       = "10.1088/1126-6708/2006/05/026",
     eprint         = "hep-ph/0603175",
     archivePrefix  = "arXiv",
     primaryClass   = "hep-ph"
}

@Article{MatchingPaper,
      author         = "Alwall, J. and H{\"o}che, S. and Krauss, F. and
                        Lavesson, N. and L{\"o}nnblad, L. and Maltoni, F. and
                        Mangano, M. L. and Moretti, M. and Papadopoulos, C. G. and
                        Piccinini, F. and Schumann, S. and Treccani, M. and
                        Winter, J. and Worek, M.",
      title          = "Comparative study of various algorithms for the merging
                        of parton showers and matrix elements in hadronic
                        collisions",
      journal        = "Eur. Phys. J. C",
      volume         = "53",
      pages          = "473",
      doi            = "10.1140/epjc/s10052-007-0490-5",
      year           = "2008",
      eprint         = "0706.2569",
      archivePrefix  = "arXiv",
      primaryClass   = "hep-ph",
      reportNumber   = "SLAC-PUB-12604, CERN-PH-TH-2007-066, LU-TP-07-13,
                        KA-TP-06-2007, DCPT-07-62, IPPP-07-31",
      SLACcitation   = "%%CITATION = ARXIV:0706.2569;%%",
}
@Article{CTEQ6,
      author         = "Pumplin, Jonathan and Daniel Robert Stump and Joey Huston and Hung-Liang Lai and Pavel Nadolsky and Wu-Ki Tung",
      title          = "New generation of parton distributions with uncertainties from global {QCD} analysis",
      journal        = "J. High Energy Phys.",
      volume         = "07",
      pages          = "012",
      year           = "2002",
      doi = "10.1088/1126-6708/2002/07/012",
      eprint         = "hep-ph/0201195",
      archivePrefix  = "arXiv",
      primaryClass   = "hep-ph",
      reportNumber   = "MSU-HEP-011101",
      SLACcitation   = "%%CITATION = HEP-PH/0201195;%%",
}

@article{Frixione,
   AUTHOR        = "Frixione, S.",
   TITLE         = "Isolated photons in perturbative {QCD}",
   JOURNAL       = "Phys. Lett. B",
   VOLUME        = "429",
   YEAR          = "1998",
   PAGES         = "369",
   DOI           = "10.1016/S0370-2693(98)00454-7",
    eprint         = "hep-ph/9801442",
     archivePrefix  = "arXiv",
     primaryClass   = "hep-ph"
}
@ARTICLE{MSTW,
   AUTHOR        = "Martin, A. D. and Stirling, W. J. and Thorne, R. S. and Watt, G.",
   TITLE         = "Parton distributions for the {LHC}",
   JOURNAL       = "Eur. Phys. J. C",
   VOLUME        = "63",
   YEAR          = "2009",
   PAGES         = "189",
   DOI           = "10.1140/epjc/s10052-009-1072-5",
    eprint         = "0901.0002",
     archivePrefix  = "arXiv",
     primaryClass   = "hep-ph"
}
@article{Chiesa:2013yma,
   author         = "Chiesa, Mauro and Montagna, Guido and Barze,
Luca
and
                     Moretti, Mauro and Nicrosini, Oreste and
others",
   title          = "{Electroweak Sudakov Corrections to New Physics
Searches
                     at the LHC}",
   journal        = "Phys.Rev.Lett.",
   number         = "12",
   volume         = "111",
   pages          = "121801",
   doi            = "10.1103/PhysRevLett.111.121801",
   year           = "2013",
   eprint         = "1305.6837",
   archivePrefix  = "arXiv",
   primaryClass   = "hep-ph",
   reportNumber   = "CERN-PH-TH-2013-110, FNT-2013-02, LPN13-033",
   SLACcitation   = "%%CITATION = ARXIV:1305.6837;%%",
}

@article{Kallweit:2014xda,
      author         = "Kallweit, Stefan and Lindert, Jonas M. and Maierhöfer,
                        Philipp and Pozzorini, Stefano and Schönherr, Marek",
      title          = "{NLO electroweak automation and precise predictions for
                        W+multijet production at the LHC}",
      journal        = "JHEP",
      volume         = "04",
      year           = "2015",
      pages          = "012",
      doi            = "10.1007/JHEP04(2015)012",
      eprint         = "1412.5157",
      archivePrefix  = "arXiv",
      primaryClass   = "hep-ph",
      reportNumber   = "LPN14-127, IPPP-14-107, DCPT-14-214, MCNET-14-26,
                        ZU-TH-42-14, MITP-14-102, --MITP-14-102",
      SLACcitation   = "%%CITATION = ARXIV:1412.5157;%%"
}

@article{Kallweit:2015dum,
      author         = "Kallweit, Stefan and Lindert, Jonas M. and Maierhofer,
                        Philipp and Pozzorini, Stefano and Schönherr, Marek",
      title          = "{NLO QCD+EW Predictions for V+Jets Including Off-Shell
                        Vector-Boson Decays and Multijet Merging}",
      year           = "2015",
      eprint         = "1511.08692",
      archivePrefix  = "arXiv",
      primaryClass   = "hep-ph",
      reportNumber   = "DCPT-15-140, FR-PHENO-2015-014, IPPP-15-70, MCNET-15-23,
                        MITP-15-108, ZU-TH-41-15",
      SLACcitation   = "%%CITATION = ARXIV:1511.08692;%%"
}

@inproceedings{Kallweit:2015fta,
      author         = "Kallweit, Stefan and Lindert, Jonas M. and Pozzorini,
                        Stefano and Schönherr, Marek and Maierhöfer, Philipp",
      title          = "{NLO QCD+EW automation and precise predictions for
                        V+multijet production}",
      booktitle      = "{Proceedings, 50th Rencontres de Moriond, QCD and high
                        energy interactions}",
      url            = "http://inspirehep.net/record/1372103/files/arXiv:1505.05704.pdf",
      year           = "2015",
      pages          = "121-124",
      eprint         = "1505.05704",
      archivePrefix  = "arXiv",
      primaryClass   = "hep-ph",
      reportNumber   = "DCPT-15-56, IPPP-15-28, MITP-15-037, ZU-TH-12-15",
      SLACcitation   = "%%CITATION = ARXIV:1505.05704;%%"
}

@article{Ball:2013hta,
      author         = "Ball, Richard D. and Bertone, Valerio and Carrazza,
                        Stefano and Del Debbio, Luigi and Forte, Stefano and
                        Guffanti, Alberto and Hartland, Nathan P. and Rojo, Juan",
      title          = "{Parton distributions with QED corrections}",
      collaboration  = "NNPDF",
      journal        = "Nucl. Phys.",
      volume         = "B877",
      year           = "2013",
      pages          = "290-320",
      doi            = "10.1016/j.nuclphysb.2013.10.010",
      eprint         = "1308.0598",
      archivePrefix  = "arXiv",
      primaryClass   = "hep-ph",
      reportNumber   = "EDINBURGH-2013-20, IFUM-1014-FT, FR-PHENO-2013-008,
                        CERN-PH-TH-2013-075",
      SLACcitation   = "%%CITATION = ARXIV:1308.0598;%%"
}

@article{Denner:2005fg,
      author         = "Denner, Ansgar and Dittmaier, S. and Roth, M. and
                        Wieders, L. H.",
      title          = "{Electroweak corrections to charged-current e+ e- ---> 4
                        fermion processes: Technical details and further results}",
      journal        = "Nucl. Phys.",
      volume         = "B724",
      year           = "2005",
      pages          = "247-294",
      doi            = "10.1016/j.nuclphysb.2011.09.001,
                        10.1016/j.nuclphysb.2005.06.033",
      note           = "[Erratum: Nucl. Phys.B854,504(2012)]",
      eprint         = "hep-ph/0505042",
      archivePrefix  = "arXiv",
      primaryClass   = "hep-ph",
      reportNumber   = "MPP-2005-23, PSI-PR-05-05",
      SLACcitation   = "%%CITATION = HEP-PH/0505042;%%"
}

@article{CMS:2015jdt,
      author         = "CMS Collaboration",
      title          = "{Search for dark matter with jets and missing transverse
                        energy  at 13 TeV}",
      collaboration  = "CMS",
      year           = "2015",
      reportNumber   = "CMS-PAS-EXO-15-003",
      SLACcitation   = "%%CITATION = CMS-PAS-EXO-15-003;%%"
}


